<collection xmlns="http://www.loc.gov/MARC21/slim">
   <record>
      <leader>03660pam a2200505 i 4500</leader>
      <controlfield tag="001">6812462</controlfield>
      <controlfield tag="003">OCoLC</controlfield>
      <controlfield tag="005">20150217121743.0</controlfield>
      <controlfield tag="008">141006t20152015mdu      b    001 0 eng  </controlfield>
      <datafield ind1=" " ind2=" " tag="010">
         <subfield code="a">  2014036679</subfield>
      </datafield>
      <datafield ind1=" " ind2=" " tag="020">
         <subfield code="a">9780739191026</subfield>
         <subfield code="q">cloth : alk. paper</subfield>
      </datafield>
      <datafield ind1=" " ind2=" " tag="020">
         <subfield code="a">0739191020</subfield>
         <subfield code="q">cloth : alk. paper</subfield>
      </datafield>
      <datafield ind1=" " ind2=" " tag="020">
         <subfield code="z">9780739191033</subfield>
         <subfield code="q">ebook</subfield>
      </datafield>
      <datafield ind1="8" ind2=" " tag="024">
         <subfield code="a">40024436313</subfield>
      </datafield>
      <datafield ind1=" " ind2=" " tag="035">
         <subfield code="a">ocn892728216</subfield>
      </datafield>
      <datafield ind1=" " ind2=" " tag="040">
         <subfield code="a">DLC</subfield>
         <subfield code="b">eng</subfield>
         <subfield code="e">rda</subfield>
         <subfield code="c">DLC</subfield>
         <subfield code="d">OCLCO</subfield>
         <subfield code="d">YDXCP</subfield>
         <subfield code="d">OCLCQ</subfield>
         <subfield code="d">SOS</subfield>
         <subfield code="d">BTCTA</subfield>
         <subfield code="d">BDX</subfield>
         <subfield code="d">IAD</subfield>
         <subfield code="d">OCLCO</subfield>
         <subfield code="d">NKM</subfield>
         <subfield code="d">YUS</subfield>
         <subfield code="d">UAB</subfield>
         <subfield code="d">AEU</subfield>
      </datafield>
      <datafield ind1=" " ind2=" " tag="042">
         <subfield code="a">pcc</subfield>
      </datafield>
      <datafield ind1="0" ind2="4" tag="050">
         <subfield code="a">P96.L34</subfield>
         <subfield code="b">B49 2015</subfield>
      </datafield>
      <datafield ind1="0" ind2="0" tag="082">
         <subfield code="a">302.23</subfield>
         <subfield code="2">23</subfield>
      </datafield>
      <datafield ind1=" " ind2=" " tag="090">
         <subfield code="a">P 96 L34 B49 2015</subfield>
         <subfield code="b">AEU</subfield>
      </datafield>
      <datafield ind1=" " ind2=" " tag="090">
         <subfield code="a">P96 .L34 B49 2015</subfield>
         <subfield code="b">AEGMCT</subfield>
      </datafield>
      <datafield ind1="0" ind2="0" tag="245">
         <subfield code="a">Beyond new media :</subfield>
         <subfield code="b">discourse and critique in a polymediated age /</subfield>
         <subfield code="c">edited by Art Herbig, Andrew F. Herrmann, and Adam W. Tyma.</subfield>
      </datafield>
      <datafield ind1=" " ind2="1" tag="264">
         <subfield code="a">Lanham, Maryland :</subfield>
         <subfield code="b">Lexington Books,</subfield>
         <subfield code="c">[2015]</subfield>
      </datafield>
      <datafield ind1=" " ind2="1" tag="264">
         <subfield code="c">©2015</subfield>
      </datafield>
      <datafield ind1=" " ind2=" " tag="300">
         <subfield code="a">xxiv, 201 pages ;</subfield>
         <subfield code="c">24 cm</subfield>
      </datafield>
      <datafield ind1=" " ind2=" " tag="336">
         <subfield code="a">text</subfield>
         <subfield code="b">txt</subfield>
         <subfield code="2">rdacontent</subfield>
         <subfield code="0">http://id.loc.gov/vocabulary/contentTypes/txt</subfield>
      </datafield>
      <datafield ind1=" " ind2=" " tag="337">
         <subfield code="a">unmediated</subfield>
         <subfield code="b">n</subfield>
         <subfield code="2">rdamedia</subfield>
         <subfield code="0">http://id.loc.gov/vocabulary/mediaTypes/n</subfield>
      </datafield>
      <datafield ind1=" " ind2=" " tag="338">
         <subfield code="a">volume</subfield>
         <subfield code="b">nc</subfield>
         <subfield code="2">rdacarrier</subfield>
         <subfield code="0">http://id.loc.gov/vocabulary/carriers/nc</subfield>
      </datafield>
      <datafield ind1="1" ind2=" " tag="490">
         <subfield code="a">Studies in new media</subfield>
      </datafield>
      <datafield ind1=" " ind2=" " tag="504">
         <subfield code="a">Includes bibliographical references (pages 169-190) and index.</subfield>
      </datafield>
      <datafield ind1="0" ind2=" " tag="505">
         <subfield code="a">Introduction: The beginnings : #WeNeedaWord / Adam W. Tyma, Andrew F. Herrmann, and Art Herbig -- I am you and you are we and we are all ... "me?" : understanding media and/as context (the road to Polymediation) / Adam W. Tyma -- Polymediation : the relationship between self and media / Michelle Calka -- Rhetoric and polymediation : using fragments to understand the relationship between "text" and discourse / Art Herbig -- Communicating, sensemaking and (dis)organizing : an existential phenomenological framework for polymediating / Andrew F. Herrmann -- Ipsedixitism, ipseity, and ipsilateral identity : the fear of finding ourselves in Catfish / Jimmie Manning -- Polyreality / Robert Andrew Dunn -- Hashtagging feminism : tetradic polymediated activism / Danielle M. Stern and Chelsea Henderson -- Technology as engagement : how we learn and teach while polymediating the classroom / Kathy J. Denker, Andrew F. Herrmann, and Michael D.D. Willits -- Conclusion: Concluding a book and opening a discourse / Art Herbig, Andrew F. Herrmann, and Adam W. Tyma.</subfield>
      </datafield>
      <datafield ind1=" " ind2=" " tag="596">
         <subfield code="a">16 29</subfield>
      </datafield>
      <datafield ind1=" " ind2="0" tag="650">
         <subfield code="a">Mass media and language.</subfield>
         <subfield code="0">http://id.loc.gov/authorities/subjects/sh85081882</subfield>
      </datafield>
      <datafield ind1=" " ind2="0" tag="650">
         <subfield code="a">Mass media</subfield>
         <subfield code="x">Social aspects.</subfield>
         <subfield code="0">http://id.loc.gov/authorities/subjects/sh85081876</subfield>
      </datafield>
      <datafield ind1=" " ind2="0" tag="650">
         <subfield code="a">Discourse analysis.</subfield>
         <subfield code="0">http://id.loc.gov/authorities/subjects/sh85038362</subfield>
      </datafield>
      <datafield ind1=" " ind2="0" tag="650">
         <subfield code="a">Content analysis (Communication)</subfield>
         <subfield code="0">http://id.loc.gov/authorities/subjects/sh85031537</subfield>
      </datafield>
      <datafield ind1="1" ind2=" " tag="700">
         <subfield code="a">Herbig, Art,</subfield>
         <subfield code="d">1977-</subfield>
         <subfield code="e">editor.</subfield>
         <subfield code="0">http://id.loc.gov/authorities/names/n2014061950</subfield>
         <subfield code="0">http://viaf.org/viaf/311457799</subfield>
      </datafield>
      <datafield ind1="1" ind2=" " tag="700">
         <subfield code="a">Herrmann, Andrew F.,</subfield>
         <subfield code="d">1966-</subfield>
         <subfield code="e">editor.</subfield>
         <subfield code="0">http://id.loc.gov/authorities/names/n2014061956</subfield>
         <subfield code="0">http://viaf.org/viaf/310714226</subfield>
      </datafield>
      <datafield ind1="1" ind2=" " tag="700">
         <subfield code="a">Tyma, Adam W.,</subfield>
         <subfield code="d">1973-</subfield>
         <subfield code="e">editor.</subfield>
         <subfield code="0">http://id.loc.gov/authorities/names/n2014061958</subfield>
         <subfield code="0">http://viaf.org/viaf/310714228</subfield>
      </datafield>
      <datafield ind1=" " ind2=" " tag="758">
         <subfield code="0">http://worldcat.org/entity/work/id/1862347156</subfield>
      </datafield>
      <datafield ind1="0" ind2=" " tag="787">
         <subfield code="n">OCLC Work Id</subfield>
         <subfield code="o">http://worldcat.org/entity/work/id/1862347156</subfield>
      </datafield>
      <datafield ind1=" " ind2="0" tag="830">
         <subfield code="a">Studies in new media.</subfield>
         <subfield code="0">http://id.loc.gov/authorities/names/no2010142564</subfield>
      </datafield>
      <datafield ind1=" " ind2=" " tag="949">
         <subfield code="a">P 96 L34 B49 2015</subfield>
         <subfield code="h">UAAU-B</subfield>
         <subfield code="i">0162035244605</subfield>
      </datafield>
      <datafield ind1=" " ind2=" " tag="926">
         <subfield code="a">P 96 L34 B49 2015</subfield>
         <subfield code="w">LC</subfield>
         <subfield code="c">1</subfield>
         <subfield code="i">0162035244605</subfield>
         <subfield code="d">3/18/2015</subfield>
         <subfield code="e">3/7/2015</subfield>
         <subfield code="l">ON_SHELF</subfield>
         <subfield code="m">UAAUG</subfield>
         <subfield code="n">1</subfield>
         <subfield code="p">$150.00</subfield>
         <subfield code="r">Y</subfield>
         <subfield code="s">Y</subfield>
         <subfield code="t">BOOK</subfield>
         <subfield code="u">2/26/2015</subfield>
      </datafield>
      <datafield ind1=" " ind2=" " tag="926">
         <subfield code="a">P96 .L34 B49 2015</subfield>
         <subfield code="w">LC</subfield>
         <subfield code="c">1</subfield>
         <subfield code="i">1007408022</subfield>
         <subfield code="d">4/20/2015</subfield>
         <subfield code="l">ON_SHELF</subfield>
         <subfield code="m">GR_MACEWAN</subfield>
         <subfield code="p">$104.10</subfield>
         <subfield code="r">Y</subfield>
         <subfield code="s">Y</subfield>
         <subfield code="t">BOOK</subfield>
         <subfield code="u">3/31/2015</subfield>
      </datafield>
   </record>
</collection>
